@book{silberschatz2010database,
    Author = {Silberschatz, A. and Korth, H. and Sudarshan, S.},
    Isbn = {9780073523323},
    Lccn = {2009039039},
    Publisher = {McGraw-Hill Education},
    Title = {Database System Concepts},
    Url = {http://books.google.com/books?id=re4YQAAACAAJ},
    Year = {2010},
    }
